@ARTICLE{FORSTALL:2009,
  author = 	 {Richard L. Forstall and Richard P. Greene and James B. Pick},
  title = 	 {Which are the largest? {W}hy lists of major urban areas vary so greatly},
  JOURNAL =  {Tijdschrift voor economische en sociale geografie},
  pages = {277-–297},
  volume = {100},
  year = 	 {2009},
  note = "DOI: 10.1111/j.1467-9663.2009.00537.x"
}


@MISC{mobilab:1,
  author = 	 {Mobilab},
  title = 	 {Dados Abertos da Cidade de São Paulo},
  howpublished = {\url{http://mobilab.prefeitura.sp.gov.br/}},
  note = "[accessed in February/2018]"
}

@MISC{geosampa:2000,
  author = 	 {Geosampa},
  title = 	 {Sistema de Consulta do Mapa Digital da Cidade de {São Paulo}},
  howpublished = {\url{http://geosampa.prefeitura.sp.gov.br/}},
  year = 	 {2000},
  note = "[accessed in February/2018]"
}

@MISC{IBGE:2010,
  author = {IBGE},
  title = {Censo demográfico, Amostra - Pessoas com deficiência},
  howpublished = "\url{https://cidades.ibge.gov.br/brasil/sp/sao-paulo/pesquisa/23/23612/}",
  year = {2010},
  note = "[accessed in February/2018]"
}

@MISC{IBGE:2017,
	author = {IBGE},
	title = {Estimativas da população residente no Brasil e unidades da federação com data de referência em 1º de julho de 2017},
	howpublished = "\url{ftp://ftp.ibge.gov.br/Estimativas_de_Populacao/Estimativas_2017/estimativa_dou_2017.pdf}",
	year = {2017},
	note = "[accessed in February/2018]"
}

@MISC{SAEDE:1,
	author = {Fundação Seade},
	title = {Projeção da população por faixas etárias quinquenais do Município de São Paulo},
	publisher = {Portal de Estatísticas do Estado de São Paulo},
	howpublished = "\url{ftp:/http://produtos.seade.gov.br/produtos/projpop/index.php}",
	year = {2017},
	note = "[accessed in February/2018]"
}

@MISC{IRBEM:2016,
  author = {Instituto Semeia and IBOPE},
  title = {Índice de Referência de Bem-Estar no Município},
  howpublished = "\url{http://www.ibopeinteligencia.com/arquivos/Job0939_IRBEM_Relatorio%20de%20Tabelas.pdf}",
  year = {2016},
  note = "[accessed in February/2018]"
}

@MISC{guiaderodas,
  author = {guiaderodas},
  title = {guiaderodas: Empresa de Acessibilidade},
  howpublished = "\url{https://guiaderodas.com}",
  year = {2018},
  note = "[accessed in February/2018]"
}

@MISC{Scipopulis,
  author = {Scipopulis},
  title = {Scipopulis - construindo conhecimento},
  howpublished = "\url{https://scipopulis.com}",
  year = {2018},
  note = "[accessed in February/2018]"
}

@MISC{sptrans,
  author = {{SPTrans}},
  title = {Olho Vivo {SPTrans}},
  howpublished = "\url{http://olhovivo.sptrans.com.br}",
  year = {2018},
  note = "[accessed in February/2018]"
}

@MISC{freewheels,
  author = {de Elias, Erik Miguel and Cardoso, Izabela Cristina and Barguil, João  M. and Martins, Tallys Gustavo and Mayrink, Victor Teixeira de Melo},
  title = {Free {W}heels},
  howpublished = "\url{http://interscity.org/apps/acessibilidade/}",
  year = {2018},
  note = "[accessed in February/2018]"
}

  % howpublished = "\url{https://www.tecmundo.com.br/pro/115157-app-nacional-acessibilidade-cadeirantes-vence-premio-global-onu.htm}",
@MISC{yuge-gdr,
  author = {Claudio Yuge},
  title = {App nacional para acessibilidade de cadeirantes vence prêmio global da ONU},
  howpublished = "\url{https://goo.gl/tGdMSx}",
  year = {2017},
  note = "[accessed in February/2018]"
}

  % howpublished = "\url{http://www.huffpostbrasil.com/2017/04/04/brasileiro-ganha-premio-da-onu-por-app-que-avalia-acessibilidade}",
@MISC{belloni-gdr,
  author = {Luiza Belloni},
  title = {Brasileiro ganha prêmio da {ONU} por app que avalia acessibilidade de estabelecimentos no País e no mundo},
  howpublished = "\url{https://goo.gl/9CMCdo}",
  publisher = {Huffpost Brasil},
  year = {2017},
  note = "[accessed in February/2018]"
}

@MISC{lei-distritos,
  author = {{\relax Prefeitura de São Paulo}},
  title = {Lei nº 11.220},
  year = {1992},
  month = {05},
  day = {20},
}

@MISC{lei-onibus-cadeirante,
	author = {{\relax Prefeitura de São Paulo}},
	title = {Lei nº 15.914},
  year = {2013},
  month = {12},
	day = {16},
}

@Book{VIGITEL:2016,
  author = {Ministério da Saúde, {\relax Secretaria de Vigilância em Saúde}},
  title = {VIGITEL 2016},
  howpublished = "\url{http://portalarquivos2.saude.gov.br/images/pdf/2017/junho/07/vigitel_2016_jun17.pdf}",
  publisher = {Departamento de Vigilância de Doenças e Agravos não Transmissíveis e Promoção da Saúde},
  pages = {48 -- 53},
  year = {2017},
  note = "[accessed in February/2018]"
}

@Misc{atlas-idh,
  author = {Prefeitura de São Paulo, {\relax Secretaria do Trabalho e Empreendedorismo}},
  title = {{Atlas do Trabalho de Desenvolvimento da Cidade de São Paulo}},
  year = {2007},
}

@Misc{isa-capital,
  author = {Prefeitura de São Paulo, {\relax Secretaria de Saúde}},
  title = {{Inquérito de Saúde da Capital - ISA Capital}},
  year = {2015},
}

@Misc{tabnet,
  author = {{\relax Prefeitura de São Paulo}},
  title = {{TabNet - Secretaria de Saúde}},
  year = {2018},
  howpublished = "\url{http://tabnet.saude.prefeitura.sp.gov.br/cgi/tabcgi.exe?secretarias/saude/TABNET/sinasc/nascido.def}",
  note = "[accessed in February/2018]"
}


@mastersthesis{KREMPI:2004,
	author = {Ana Paula Krempi},
	title = {Exploring spatial statistics tools for an accessibility analysis in the city of {B}auru},
	school = {Escola de Engenharia de São Carlos},
	publisher = {Universidade de Sao Paulo Sistema Integrado de Bibliotecas - {SIBiUSP}},
	url = {https://doi.org/10.11606%2Fd.18.2004.tde-10032005-064613},
	doi = {10.11606/d.18.2004.tde-10032005-064613},
	year = {2004},
	month = {June},
	note = "[accessed in February/2018]"
}


@article{PASAOGULLARI2004225,
	title = "Measuring accessibility and utilization of public spaces in {F}amagusta",
	journal = "Cities",
	volume = "21",
	number = "3",
	pages = "225 - 232",
	year = "2004",
	issn = "0264-2751",
	doi = "https://doi.org/10.1016/j.cities.2004.03.003",
	url = "http://www.sciencedirect.com/science/article/pii/S0264275104000290",
	author = "Nil Pasaogullari and Naciye Doratli",
	keywords = "Public space, accessibility, utilization, urban development, cyprus"
}

@article {church-marston,
	author = {Church, Richard L. and Marston, James R.},
	title = {Measuring Accessibility for People with a Disability},
	journal = {Geographical Analysis},
	volume = {35},
	number = {1},
	publisher = {Blackwell Publishing Ltd},
	issn = {1538-4632},
	url = {http://dx.doi.org/10.1111/j.1538-4632.2003.tb01102.x},
	doi = {10.1111/j.1538-4632.2003.tb01102.x},
	pages = {83--96},
	year = {2003},
}

@article{Pirie:1979,
	author = {G H Pirie},
	title ={Measuring Accessibility: A Review and Proposal},
	journal = {Environment and Planning A: Economy and Space},
	volume = {11},
	number = {3},
	pages = {299-312},
	year = {1979},
	doi = {10.1068/a110299},
	URL = {https://doi.org/10.1068/a110299},
	eprint = {https://doi.org/10.1068/a110299}
}

@article{Niemeier,
	author = {S L Handy and D A Niemeier},
	title ={Measuring Accessibility: An Exploration of Issues and Alternatives},
	journal = {Environment and Planning A: Economy and Space},
	volume = {29},
	number = {7},
	pages = {1175-1194},
	year = {1997},
	doi = {10.1068/a291175},
	URL = { https://doi.org/10.1068/a291175},
	eprint = {https://doi.org/10.1068/a291175}
}

@book{van2012heavenly,
  title={Heavenly mathematics: The forgotten art of spherical trigonometry},
  author={Van Brummelen, Glen},
  year={2012},
  publisher={Princeton University Press}
}

@article{mackett2008amelia,
  title={{AMELIA}: A tool to make transport policies more socially inclusive},
  author={Mackett, Roger L and Achuthan, Kamalasudhan and Titheridge, Helena},
  journal={Transport Policy},
  volume={15},
  number={6},
  pages={372--378},
  year={2008},
  publisher={Elsevier}
}

@article{otmani2009new,
  title={A new approach to indoor accessibility},
  author={Otmani, R and Moussaoui, A and Pruski, A and others},
  journal={International Journal of Smart Home},
  volume={3},
  number={4},
  pages={1--14},
  year={2009}
}

@article{fange2003accessibility,
  title={Accessibility and usability in housing: construct validity and implications for research and practice},
  author={F{\"a}nge, Agneta and Iwarsson, Susanne},
  journal={Disability and Rehabilitation},
  volume={25},
  number={23},
  pages={1316--1325},
  year={2003},
  publisher={Taylor \& Francis}
}

@article{vanclooster2012measuring,
  title={Measuring the exitability of buildings: A new perspective on indoor accessibility},
  author={Vanclooster, Ann and Neutens, Tijs and Fack, Veerle and Van de Weghe, Nico and De Maeyer, Philippe},
  journal={Applied Geography},
  volume={34},
  pages={507--518},
  year={2012},
  publisher={Elsevier}
}

@article{jeonnongindoor,
  title={Indoor spatial analysis using space syntax},
  author={Jeonnong-dong and Dongdaemun-gu},
  journal={ISPRS Silk Road for Information from Imagery},
  pages={1065--1069},
  year={2008}
}

@article{thill2011traveling,
  title={Traveling in the three-dimensional city: applications in route planning, accessibility assessment, location analysis and beyond},
  author={Thill, Jean-Claude and Dao, Thi Hong Diep and Zhou, Yuhong},
  journal={Journal of Transport Geography},
  volume={19},
  number={3},
  pages={405--421},
  year={2011},
  publisher={Elsevier}
}
